@article{ArithmeticCoding,
    author = {Witten, Ian H. and Neal, Radford M. and Cleary, John G.},
    title = {Arithmetic coding for data compression},
    journal = {Commun. ACM},
    volume = {30},
    issue = {6},
    month = {June},
    year = {1987},
    issn = {0001-0782},
    pages = {520--540},
    numpages = {21},
    doi = {http://doi.acm.org/10.1145/214762.214771},
    publisher = {ACM},
    address = {New York, NY, USA},
}

@ARTICLE{ssim,
author={Zhou Wang and Bovik, A.C. and Sheikh, H.R. and Simoncelli, E.P.},
journal={Image Processing, IEEE Transactions on}, 
title={Image quality assessment: from error visibility to structural similarity},
year={2004},
month={april},
volume={13},
number={4},
pages={600 -612},
keywords={JPEG;JPEG2000;distorted image;error sensitivity;error visibility;human visual perception;human visual system;image compression;image database;perceptual image quality assessment;reference image;structural information;structural similarity index;data compression;image coding;visual perception;Algorithms;Data Interpretation, Statistical;Hypermedia;Image Enhancement;Image Interpretation, Computer-Assisted;Information Storage and Retrieval;Models, Statistical;Pattern Recognition, Automated;Quality Control;Reproducibility of Results;Sensitivity and Specificity;Signal Processing, Computer-Assisted;Subtraction Technique;},
doi={10.1109/TIP.2003.819861},
ISSN={1057-7149},
}

@misc{FFV1,
    author = {Michael Niedermayer},
    title = {Description of the {FFV1} Video Codec},
    note = {\url{http://www.ffmpeg.org/~michael/ffv1.html}},
    year = 2004
}
@misc{PNG,
    author = {Thomas Boutell and others},
    title = {{Portable Network Graphics (PNG) specification, RFC 2083, ISO/IEC 15948:2004}},
    note = {\url{http://www.libpng.org/pub/png/}},
    year = 1996,
    month = {October}
}
@misc{ZopfliPNG,
    author = {Lode Vandevenne and Jyrki Alakuijala},
    title = {{ZopfliPNG}},
    note = {\url{http://github.com/google/zopfli}},
    year = 2015
}
@misc{OptiPNG,
    author = {Cosmin Truta and others},
    title = {{OptiPNG version 0.7.5}},
    note = {\url{http://optipng.sourceforge.net}},
    year = 2014
}
@misc{WebP,
    author = {Google Inc.},
    title = {{WebP}: A new image format for the Web},
    note = {\url{http://developers.google.com/speed/webp} (latest version on git as of October 2015) },
    year = 2015,
    month = {October}
}
@misc{BPG,
    author = {Fabrice Bellard},
    title = {Better {P}ortable {G}raphics ({BPG}), version 0.9.6},
    note = {\url{http://bellard.org/bpg}},
    year = 2015,
    month = {September}
}
@misc{JPEG,
    author = {Joint Photographic Experts Group (JPEG)},
    title =  {{JPEG standard, ISO/IEC IS 10918-1, ITU-T Recommendation T.81}},
    note = {\url{http://www.jpeg.org/jpeg}},
    year = 1992
}
% seems hard to find an implementation of JPEG-LS that still compiles
@misc{JPEG-LS,
    author = {Joint Photographic Experts Group (JPEG)},
    title =  {{JPEG-LS standard, ITU-T Recommendation T.87}},
    note = {\url{http://www.jpeg.org/jpeg/jpegls.html}},
    year = 1998
}
@misc{JPEG2000,
    author = {Joint Photographic Experts Group (JPEG)},
    title =  {{JPEG 2000 standard, ISO/IEC 15444, ITU-T Recommendation T.800}},
    note = {\url{http://www.jpeg.org/jpeg2000} (implementation: OpenJPEG v2.1.0)},
    year = 2004
}
@misc{JPEGXR,
    author = {Joint Photographic Experts Group (JPEG)},
    title =  {{JPEG XR image coding system, ISO/IEC 29199, ITU-T Recommendation T.832}},
    note = {\url{http://www.jpeg.org/jpegxr} (implementation: Microsoft JXR encoder v1.0)},
    year = 2012
}


@inproceedings{testimages,
    author = {N. Asuni, A. Giachetti},
    title = {{TESTIMAGES}: a large-scale archive for testing visual devices and basic image processing algorithms},
    booktitle = {{Smart Tools \& Apps for Graphics Conference}},
    year = {2014},
    note = {\url{http://testimages.org}}
}
@misc{corpus_testimages,
    author = {Nicola Asuni},
    title = {{TESTIMAGES}, category {SAMPLING}/},
    year = {2014},
    note = {40 photographs, $2448 \times 2448$ pixels, color, 8/16 bits per channel.
            See \cite{testimages}}
}
@misc{corpus_Lukas-2D,
    author = {Rainer K{\"o}ster and J{\"u}rgen Abel},
    title = {Lukas {2D} Medical Image Corpus (8 bit and 16 bit)},
    year = 2015,
    note = {20 radiographs, various resolutions, grayscale, 8/16 per pixel.
            \url{http://www.data-compression.info/Corpora/LukasCorpus}}
}
@misc{corpus_kodak,
    author = {Rich Franzen and {Eastman Kodak}},
    title = {{Kodak Lossless True Color Image Suite}},
    year = {2013},
    note = {24 photographs, $768 \times 512$ pixels, color, 8 bits per channel.
            \url{http://r0k.us/graphics/kodak}}
}
@misc{corpus_wikipedia,
    author = {Timothy B. Terriberry and others},
    title = {{Downsampled very high resolution JPEGs from Wikipedia}},
    year = {2015},
    note = {49 photographs, various resolutions, color, 8 bits per channel.
            See \cite{flif_benchmarks}, ``wikipedia-photos''}
}
@misc{corpus_icip-core1,
    author = {Thomas Richter and others},
    title = {{Test material for the JPEG Grand Image Compression Challenge at ICIP 2016}},
    year = 2015,
    note = {14 photographs, various resolutions, color, 8 bits per channel.
            \url{http://jpeg.org/static/icip_challenge.zip}}
}
@misc{corpus_renders,
    author = {Harshad RJ},
    title = {Computer graphics created with {B}lender: 3 images, $1920 \times 1080$, color, 8 bits per channel},
    year = 2015,
    note = {\url{http://github.com/FLIF-hub/benchmarks/tree/master/test_images/renders}}
}
@misc{corpus_fractals,
    author = {greentunic},
    title = {{Fractal Pack 4}},
    year = 2010,
    note = {20 images of fractal-based art, mostly $1600 \times 1100$, color, 8 bits per channel.
            \url{http://greentunic.deviantart.com/art/Fractal-Pack-4-150661301}}
}
@misc{corpus_cartoons,
    author = {Zach Weinersmith},
    title = {{Saturday Morning Breakfast Cereal (SMBC)}},
    year = 2013,
    note = {20 digital cartoons, various resolutions, color, 8 bits per channel.
            \url{http://www.smbc-comics.com/index.php?id=3000} until {\tt id=3020}}
}

@misc{corpus_testimages-pattern-8bit,
    author = {Nicola Asuni},
    title = {{TESTIMAGES}, category {PATTERN}},
    year = {2014},
    note = {433 geometric patterns, $4096 \times 2560$ pixels, grayscale, 8 bits per pixel.
            See \cite{testimages}}
}

@misc{corpus_openstreetmap,
    author = {OpenStreetMap},
    title = {Various maps of Brussels},
    year = 2015,
    note = {44 geographic images, $1366 \times 768$, color, 8 bits per channel.
    \url{http://www.openstreetmap.org}, See \cite{flif_benchmarks}, ``openstreetmap''}
}

@misc{corpus_PSF,
    author = {Pearson Scott Foresman},
    title = {Educational illustrations},
    year = 2015,
    note = {20 line art images, various resolutions, grayscale or color, 8 bits per channel.
            See \cite{flif_benchmarks}, ``PSF-line-drawings''}}
}

@misc{flif_benchmarks,
    author = {Jon Sneyers and others},
    title = {Lossless still and animated image compression benchmarks},
    year = 2016,
    note = {\url{http://github.com/FLIF-hub/benchmarks}}
}

@misc{flif_website,
    author = {Jon Sneyers},
    title = {{Free Lossless Image Format homepage}},
    year = 2016,
    note = {\url{http://flif.info}}
}
@misc{flif_implementation,
    author = {Jon Sneyers and Pieter Wuille and others},
    title = {{FLIF reference implementation}},
    year = 2016,
    note = {\url{http://github.com/FLIF-hub/FLIF}}
}
