@misc{FFV1,
    author = {Michael Niedermayer},
    title = {Description of the {FFV1} Video Codec},
    note = {http://www.ffmpeg.org/$\sim$michael/ffv1.html},
    year = 2004
}
@misc{JPEG,
    author = {Joint Photographic Experts Group (JPEG)},
    title =  {{JPEG standard, ISO/IEC IS 10918-1, ITU-T Recommendation T.81}},
    note = {http://www.jpeg.org/jpeg},
    year = 1992
}
@misc{JPEG-LS,
    author = {Joint Photographic Experts Group (JPEG)},
    title =  {{JPEG-LS standard, ITU-T Recommendation T.87}},
    note = {http://www.jpeg.org/jpeg/jpegls.html},
    year = 1998
}
@misc{JPEG2000,
    author = {Joint Photographic Experts Group (JPEG)},
    title =  {{JPEG 2000 standard, ISO/IEC 15444, ITU-T Recommendation T.800}},
    note = {http://www.jpeg.org/jpeg2000},
    year = 2000
}
@misc{PNG,
    author = {Thomas Boutell and others},
    title = {{Portable Network Graphics (PNG) specification, RFC 2083, ISO/IEC 15948:2004}},
    note = {http://www.libpng.org/pub/png/},
    year = 1996,
    month = {October}
}

@misc{WebP,
    author = {Google Inc.},
    title = {{WebP}: A new image format for the Web},
    note = {http://code.google.com/speed/webp/},
    year = 2010,
    month = {September}
}

@article{ArithmeticCoding,
    author = {Witten, Ian H. and Neal, Radford M. and Cleary, John G.},
    title = {Arithmetic coding for data compression},
    journal = {Commun. ACM},
    volume = {30},
    issue = {6},
    month = {June},
    year = {1987},
    issn = {0001-0782},
    pages = {520--540},
    numpages = {21},
    doi = {http://doi.acm.org/10.1145/214762.214771},
    publisher = {ACM},
    address = {New York, NY, USA},
}

@ARTICLE{ssim,
author={Zhou Wang and Bovik, A.C. and Sheikh, H.R. and Simoncelli, E.P.},
journal={Image Processing, IEEE Transactions on}, 
title={Image quality assessment: from error visibility to structural similarity},
year={2004},
month={april},
volume={13},
number={4},
pages={600 -612},
keywords={JPEG;JPEG2000;distorted image;error sensitivity;error visibility;human visual perception;human visual system;image compression;image database;perceptual image quality assessment;reference image;structural information;structural similarity index;data compression;image coding;visual perception;Algorithms;Data Interpretation, Statistical;Hypermedia;Image Enhancement;Image Interpretation, Computer-Assisted;Information Storage and Retrieval;Models, Statistical;Pattern Recognition, Automated;Quality Control;Reproducibility of Results;Sensitivity and Specificity;Signal Processing, Computer-Assisted;Subtraction Technique;},
doi={10.1109/TIP.2003.819861},
ISSN={1057-7149},
}